

@thesis{McCann,
  author  = {Caitlin McCann},
  title   = {Bifurcation Analysis of Non-linear Differential Equations},
  school  = {University of Liverpool},
  year    = {2013},
  month   = {may},
}

@Inbook{Doedel,
author="Doedel, Eusebius J.",
editor="Krauskopf, Bernd
and Osinga, Hinke M.
and Gal{\'a}n-Vioque, Jorge",
title="Lecture Notes on Numerical Analysis of Nonlinear Equations",
bookTitle="Numerical Continuation Methods for Dynamical Systems: Path following and boundary value problems",
year="2007",
publisher="Springer Netherlands",
address="Dordrecht",
pages="1--49",
abstract="Numericalintegrators can providevaluable insight into the transient behavior of a dynamical system.However, when the interest isin stationary and periodic solutions, their stability, and their transition to more complex behavior, then numerical continuation and bifurcation techniques are very powerful and efficient.",
isbn="978-1-4020-6356-5",
doi="10.1007/978-1-4020-6356-5_1",
url="https://doi.org/10.1007/978-1-4020-6356-5_1"
}
```
